@book{MR503901,
	title          = {Functions of one complex variable},
	author         = {Conway, J.~B.},
	year           = 1978,
	publisher      = {Springer-Verlag, second edition},
	series         = {Graduate Texts in Mathematics},
	volume         = 11,
	pages          = {xiii+317},
	isbn           = {0-387-90328-3},
	mrclass        = {30-01},
	mrnumber       = 503901,
	mrreviewer     = {P. Lappan}, 
	language       = {brazilian},
}

@book{MSoa16,
	title          = {C{\'a}lculo em uma vari{\'a}vel complexa},
	author         = {Soares, M.~G.},
	year           = 2016,
	publisher      = {SBM, Sociedade Brasileira de Matem\'atica},
	series         = {Cole\c c\~ao Matem\'atica Universit\'aria},
	volume         = 9,
	pages          = {vi+212},
	isbn           = {978-8524401442},
	edition        = {Quinta},
	language       = {brazilian},
}

@book{MR3443339,
	title          = {Basic complex analysis},
	author         = {Simon, B.},
	year           = 2015,
	publisher      = {American Mathematical Society, Providence, RI},
	series         = {A Comprehensive Course in Analysis, Part 2A},
	pages          = {xviii+641},
	language       = {brazilian},
}

@book{MR3331079,
	title          = {Understanding analysis},
	author         = {Abbott, S.},
	year           = 2015,
	publisher      = {Springer, New York},
	series         = {Undergraduate Texts in Mathematics},
	pages          = {xii+312},
	edition        = {Segunda},
	mrclass        = {26-01},
	language       = {brazilian},
}

@book{MR0385023,
	title           = {Principles of mathematical analysis},
	author          = {Rudin, W.},
	year            = 1976,
	publisher       = {McGraw-Hill Book Co., New York-Auckland-D\"{u}sseldorf},
	pages           = {x+342},
	note            = {International Series in Pure and Applied Mathematics},
	edition         = {Terceira},
	mrclass         = {26-02},
	mrnumber        = {0385023},
	language       = {brazilian},
}

@book{MR1976398,
	title           = {Complex analysis},
	author          = {Stein, E. and Shakarchi, R.},
	year            = 2003,
	publisher       = {Princeton University Press, Princeton, NJ},
	series          = {Princeton Lectures in Analysis},
	volume          = 2,
	pages           = {xviii+379},
	isbn            = {0-691-11385-8},
	mrclass         = {30-01},
	mrnumber        = 1976398,
	mrreviewer      = {Heinrich Begehr},
	language       = {brazilian},
}

@book{stein-fourier,
	title           = {Fourier Analysis: an Introduction},
	author          = {Stein, E. and Shakarchi, R.},
	year            = 2003,
	publisher       = {Princeton University Press, Princeton, NJ},
	edition         = {Primeira},
	language       = {brazilian},
}

@article{Montel13,
	title           = {Sur les diff{\'e}rentielles totales et les fonctions monog{\`e}nes},
	author          = {Montel, P.},
	year            = 1913,
	journal         = {CR Acad. Sci. Paris},
	volume          = 156,
	pages           = {1820--1822},
	language       = {brazilian},
}

@article{Loomann23,
	title           = {{\"U}ber die Cauchy-Riemannschen Differentialgleichungen},
	author          = {Loomann, H.},
	year            = 1923,
	journal         = {Nachrichten von der Gesellschaft der Wissenschaften zu G{\"o}ttingen, Mathematisch-Physikalische Klasse},
	volume          = 1923,
	pages           = {97--108},
	language       = {brazilian},
}

@book{Menchoff36,
	title           = {Les conditions de monog{\'e}n{\'e}it{\'e}},
	author          = {Menchoff, D.},
	year            = 1936,
	publisher       = {Herman, Paris},
	language       = {brazilian},
}

@book{MR1803086,
	title           = {Complex analysis in one variable},
	author          = {Narasimhan, R. and Nievergelt, Y.},
	year            = 2001,
	publisher       = {Birkh\"{a}user Boston, Inc., Boston, MA},
	pages           = {xiv+381},
	edition         = {Segunda},
	language       = {brazilian},
}

@article{MR470179,
	title           = {When is a function that satisfies the {C}auchy-{R}iemann equations analytic?},
	author          = {Gray, J. D. and Morris, S. A.},
	year            = 1978,
	journal         = {Amer. Math. Monthly},
	volume          = 85,
	number          = 4,
	pages           = {246--256},
	language       = {brazilian},
}

@book{gugu,
	title           = {Aspectos Ergódicos da Teoria dos Números},
	author          = {Arbieto, A.; Matheus, C. and Moreira, C. G.},
	year            = 2007,
	publisher       = {IMPA},
	pages           = {},
	edition         = {},
	language       = {brazilian},
}

@article{bombieri,
	title           = {Problems of the Millenium: the Riemann Hypothesis},
	author          = {Bombieri, E.},
	year            = 2000,
	journal         = {Clay Mathematics Institute},
	pages           = {},
	language       = {brazilian},
}

@phdthesis{cunha,
    author          = {Cunha, M.},
    title           = {O Teorema de Green-Tao: Progressões Aritméticas de Tamanho Arbitrariamente Grande Formadas por Primos},
    publisher       = {Dissertações USP},
    address         = {USP},
    year            = {2019},
	language       = {brazilian},
}

@book{edwards,
	title           = {Riemann's Zeta Function},
	author          = {Edwards, H. M.},
	year            = 2001,
	publisher       = {Academic Press, New York, Dover Publications, Inc., Mineola, NY},
	pages           = {},
	edition         = {},
	language       = {brazilian},
}

@article{garcia,
	title           = {The Prime Number Theorem as a Capstone in a Complex Analysis Course},
	author          = {Garcia, S. R.},
	year            = 2021,
	journal         = {Journal of Humanistic Mathematics},
	volume          = 11, 
	number          = 1,
	pages           = {166-203},
	language       = {brazilian},
}

@book{patterson,
	title          = {An Introduction to the theory of the Riemann Zeta-Function},
	author         = {Patterson, S. J.},
	year           = 1988,
	publisher      = {Cambridge University Press},
	edition        = {Primeira},
	language       = {brazilian},
}

@book{rudin,
	title           = {Real and Complex Analysis},
	author          = {Rudin, W.},
	year            = 1987,
	publisher       = {McGraw-Hill Book Co., New York-Auckland-D\"{u}sseldorf},
	edition         = {Terceira},
	language       = {brazilian},
}

@book{titchmarsh,
	title           = {The theory of the Riemann Zeta-Function},
	author          = {Titchmarsh, E. C. and Heath-Brown, D. R.},
	year            = 1986,
	publisher       = {Oxford University Press},
	edition         = {Segunda},
	language       = {brazilian},
}


@book {MR1681462,
    AUTHOR = {Folland, Gerald B.},
     TITLE = {Real analysis},
    SERIES = {Pure and Applied Mathematics (New York)},
   EDITION = {Second},
      NOTE = {Modern techniques and their applications,
              A Wiley-Interscience Publication},
 PUBLISHER = {John Wiley \& Sons, Inc., New York},
      YEAR = {1999},
     PAGES = {xvi+386},
      ISBN = {0-471-31716-0},
   MRCLASS = {00A05 (26-01 28-01 46-01)},
  MRNUMBER = {1681462},
	language       = {brazilian},
}

@book {MR1312157,
    AUTHOR = {Bartle, Robert G.},
     TITLE = {The elements of integration and {L}ebesgue measure},
    SERIES = {Wiley Classics Library},
 PUBLISHER = {John Wiley \& Sons, Inc., New York},
      YEAR = {1995},
     PAGES = {xii+179},
      ISBN = {0-471-04222-6},
   MRCLASS = {28-01},
  MRNUMBER = {1312157},
       DOI = {10.1002/9781118164471},
       URL = {https://doi.org/10.1002/9781118164471},
	language       = {brazilian},
}


@book {MR1013117,
    AUTHOR = {Royden, H. L.},
     TITLE = {Real analysis},
   EDITION = {Third},
 PUBLISHER = {Macmillan Publishing Company, New York},
      YEAR = {1988},
     PAGES = {xx+444},
      ISBN = {0-02-404151-3},
   MRCLASS = {00A05 (26-01 28-01 46-01)},
  MRNUMBER = {1013117},
	language       = {brazilian},
}


